@mastersthesis{campalani2009msc,
  author="Piero Campalani",
  title="Architectures and Performance for Network Coding",
  school="Universit\`a degli Studi di Ferrara",
  year="2009",
  month="Jul"
}

@phdthesis{campalani2013phd,
  author="Piero Campalani",
  title="Geostatistical modelling of {PM$_{10}$} mass concentrations with satellite imagery from {MODIS} sensor",
  school="Universit\`a degli Studi di Ferrara",
  year="2013",
  month="Mar"
}

@inproceedings{nguyen2010aerosol,
  author={Nguyen, Thi Nhat Thanh and Mantovani, Simone and Campalani, Piero and Cavicchi, Mario and Bottoni, Maurizio},
  title={Aerosol Optical Thickness Retrieval from Satellite Observation Using Support Vector Regression},
  booktitle="Progress in Pattern Recognition, Image Analysis, Computer Vision, and Applications -- Lecture Notes in Computer Science",
  vol="6419",
  pages="492--499",
  year="2010",
  month="Nov"
}
}
@inproceedings{campalani2011validation,
  author={Campalani, Piero and Nguyen, Thi Nhat Thanh and Mantovani, Simone and Bottoni, Maurizio and Mazzini, Gianluca},
  booktitle="{19{\textsuperscript{th}}International Conference on Software, Telecommunications and Computer Networks (SoftCOM)}",
  title="{Validation of PM MAPPER aerosol optical thickness retrievals at 1$\times$1 km$^2$ of spatial resolution}",
  year="{2011}",
  month="{Sep}"
}

@inproceedings{campalani2011prediction,
  author    = {Piero Campalani and Thi Nhat Thanh Nguyen and Simone Mantovani and Gianluca Mazzini},
  title     = {On the Automatic Prediction of {PM$_{10}$} with in-situ measurements,
               satellite {AOT} retrievals and ancillary data},
  booktitle = {11{\textsuperscript{th}}IEEE International Symposium on Signal Processing and Information Technology (ISSPIT)},
  year      = {2011},
  month     = {Dec},
  pages     = {93--98},
  howpublished  = {\url{http://dx.doi.org/10.1109/ISSPIT.2011.6151541}}
}

@inproceedings{nguyen2012aerosol,
  author={Nguyen, Thi Nhat Thanh and Mantovani, Simone and Campalani, Piero and Limone, Gian Piero},
  title={Aerosol optical thickness retrieval at 1 km{$^2$} resolution from {MODIS} using support vector regression relied on domain knowledge},
  booktitle={1{\textsuperscript{st}}International Conference on Pattern Recognition Applications and Methods (ICPRAM)},
  year="2012",
  month="Feb"
}

@inproceedings{campalani2012prediction,
  author    = {Piero Campalani and Simone Mantovani and Marcus Hirtl and Mark Caglienzi and Gianluca Mazzini},
  title     = {Daily spatial prediction of {PM$_{10}$} mass concentrations with geostatistics: an {Austrian} case study},
  booktitle = {IX Conference on Geostatistics for Environmental Applications (geoENV)},
  editor    = {Universidad Politecnica de Valencia Editorial},
  year      = {2012},
  month     = {Sep}
}

@conference{natali2011mea-pm,
  author="Natali, S. and Beccati, A. and {D'Elia}, S. and Veratelli, M.G. and Campalani, P. and Folegani, M. and Mantovani, S.",
  title="Multitemporal Data Management and Exploitation Infrastructure", 
  booktitle="{The 6{\textsuperscript{th}}International Workshop on the Analysis of Multi-temporal Remote Sensing Images (MultiTemp)}", 
  year="2011",
  month="Jul",
  OPTaddress="Trento"
}

@misc{sensorer0152,
  title={{SENSORER} -- 0152 Project Technical Note {OR2}: Mixed Data Collection},
  author="Piero Campalani and Stefania Pasetti",
  institution="{MEEO Srl}",
  year="2010",
  note="MEEO Srl internal report",
  note="Internal report, unpublished. If requested, can be delivered upon agreement from the sponsor of the project."
}

@misc{sensorer0153,
  title={{SENSORER} -- 0153 Project Technical Note {OR2}: Ground Data Validation},
  author="Piero Campalani and Stefania Pasetti",
  institution="{MEEO Srl}",
  year="2010",
  note="MEEO Srl internal report",
  note="Internal report, unpublished. If requested, can be delivered upon agreement from the sponsor of the project."
}

@misc{sensorer0154,
  title={{SENSORER} -- 0154 Project Technical Note {OR2}: User Interface},
  author="Piero Campalani and Stefania Pasetti",
  institution="{MEEO Srl}",
  year="2010",
  note="MEEO Srl internal report",
  note="Internal report, unpublished. If requested, can be delivered upon agreement from the sponsor of the project."
}

@inproceedings{baumann2012finding,
  title={Finding My {CRS}: A Systematic Way of Identifying {CRSs}},
  author={Campalani, P. and Misev, D. and Yu, J. and Baumann, P.},
  booktitle={20{\textsuperscript{th}}ACM SIGSPATIAL International Conference on Advances in Geographic Information Systems},
  year={2012},
  month="Nov"
}

@inproceedings{campalani2013spatiotemporal,
  author="Campalani, P. and Mantovani, S. and Baumann, P.",
  title="Spatiotemporal interactions for daily mapping of {PM$_{10}$} with {MODIS} and meteorological data",
  booktitle="15{\textsuperscript{th}}Annual Conference of the International Association for Mathematical Geosciences (IAMG)",
  publisher="Springer Berlin Heidelberg",
  pages={239--243},
  year="2013",
  month="Sep"
}

@inproceedings{campalani2013integration,
  title={Making Time Just Another Axis in Geospatial Services},
  author={Campalani, P. and Misev, D. and Beccati, A. and Baumann, P.},
  booktitle={20{\textsuperscript{th}}International Symposium on Temporal Representation and Reasoning (TIME)},
  publisher="IEEE",
  pages={133--140},
  year={2013},
  month={Sep}
}

@inproceedings{campalani2013referenceable,
  title="Improving Efficiency of Grid Representation in {GML}",
  author="Campalani, P. and Beccati, A. and Baumann, P.",
  booktitle="27{\textsuperscript{th}}International Conference on Informatics for Environmental Protection (EnviroInfo)",
  publisher="Shaker",
  pages={703-708},
  year="2013",
  month="Sep"
}

@inproceedings{oosthoek2013towards,
  author={Oosthoek, J.H.P. and Flahaut, J. and Rossi, A.P. and Baumann, P. and Misev, D. and Campalani, P. and Unnithan, V.},
  title={{PlanetServer}: Towards Online Analysis Of Integrated Planetary Data},
  booktitle={44{\textsuperscript{th}}Lunar and Planetary Science Conference (LPSC)},
  year={2013},
  month="Mar"
}
@article{oosthoek2013innovative,
  author={Oosthoek, J.H.P. and Flahaut, J. and Rossi, A.P. and Baumann, P. and Misev, D. and Campalani, P. and Unnithan, V.},
  title={{PlanetServer}: Innovative Approaches for the Online Analysis of Hyperspectral Satellite Data from {Mars}},
  journal={Advances in Space Research},
  year={2013}
}
@inproceedings{campalani2014atmosphere,
  author={Campalani, P. and Beccati, A. and Mantovani, S. and Baumann, P.},
  title={Temporal Analysis of Atmospheric Data Using Open Standards},
  booktitle={4{\textsuperscript{th}} Symposium on Geospatial Databases And Location Based Services},
  organization={ISPRS Technical Commission},
  year={2014},
  month="May"
}
@article{yu2014point,
  title={Point of view: Long-Term access to {Earth} Archives across Multiple Disciplines},
  author={Yu, Jinsongdi and Baumann, Peter and Misev, Dimitar and Campalani, Piero and Albani, Mirko and Marelli, Fulvio and Giaretta, David and Crompton, Shirley},
  journal={Computer Standards \& Interfaces},
  year={2014},
  publisher={Elsevier}
}
@inbook{yu2014gis,
  author={Baumann, Peter and Yu, Jinsongdi and Misev, Dimitar and Lipskoch, Kinga and Beccati, Alan and Campalani, Piero and Owonibi, Michael},
  editor={Elaheh Pourabbas},
  title={{Geographical Information Systems}: Trends and Technologies},
  chapter={Preparing Array Analytics for the Data Tsunami},
  publisher={{CRC Press/Taylor \& Francis Group}},
  year={2014},
  month={May}
}
@inproceedings{beccati2014wcps,
  author={Beccati, Alan and Campalani, Piero and Mantovani, Simone and Merticariu, Vlad and Mircea Dumitru, Alex and Baumann, Peter},
  title={Experiments on cross-coverage atmosphere data analytics with the {WCPS} query language},
  booktitle={28{\textsuperscript{th}}International Conference on Informatics for Environmental Protection (EnviroInfo)},
  year={2014},
  month="Sep",
}
@article{es2015overarching,
  author={Peter Baumann and Paolo Mazzetti and Joachim Ungar and Roberto Barbera and Damiano Barboni and Alan Beccati and Lorenzo Bigagli and Enrico Boldrini and Riccardo Bruno and Antonio Calanducci and Piero Campalani and Oliver Clements and Alex Dumitru and Mike Grant and Pasquale Herzig and George Kakaletris and John Laxton and Panagiota Koltsida and Kinga Lipskoch and Alireza Rezaei Mahdiraji and Simone Mantovani and Vlad Merticariu and Antonio Messina and Dimitar Misev and Stefano Natali and Stefano Nativi and Jelmer Oosthoek and Marco Pappalardo and James Passmore and Angelo Pio Rossi and Francesco Rundo and Marcus Sen and Vittorio Sorbera and Don Sullivan and Mario Torrisi and Leonardo Trovato and Maria Grazia Veratelli and Sebastian Wagner},
  title={Big Data Analytics for {Earth Sciences}: the {EarthServer} approach},
  journal={International Journal of Digital Earth},
  volume={0},
  number={0},
  pages={1-27},
  year={2015},
  month="Mar",
  publisher={Taylor\&Francis},
  doi={10.1080/17538947.2014.1003106},
  URL={http://dx.doi.org/10.1080/17538947.2014.1003106},
  eprint={http://dx.doi.org/10.1080/17538947.2014.1003106}
}
